@inproceedings{mellor-crummey,
author  = "J. M. Mellor-Crummey and M. L. Scott",
title   = "Algorithms for Scalable Synchronization on Shared-Memory Multiprocessors",
year    = "1991",
publisher = "ACM Transactions on Computer Systems",
volume  = "9",
pages   = "21-65"
},

@inproceedings{fatourou,
author  = "P. Fatourou and N.D. Kallimanis",
title   = "Revisiting the combining synchronization technique",
year    = "2012",
publisher = "PPoPP '12 Proceedings of the 17th ACM SIGPLAN symposium on Principles and Practice of Parallel Programming",
pages   = "257-266"
},

@article{goldstein,
author  = "S. C. Goldstein and K. E. Schauser and D. E. Culler",
title   = "Lazy Threads: Implementing a Fast Parallel Call",
year    = "1996",
journal = "Journal of Parallel and Distributed Computing",
volume = "37",
number = "0104",
pages = "5-20"
},

@inproceedings{lozi,
author  = "J. Lozi and F. David and G. Thomas and J. Lawall and G. Muller",
title   = "Remote core locking: migrating critical-section execution to improve the performance of multithreaded applications",
year    = "2012",
publisher = "USENIX ATC'12 Proceedings of the 2012 USENIX conference on Annual Technical Conference",
pages   = "6-6"
},

@inproceedings{parker,
author  = "Mike Parker",
title   = "A case for user-level interrupts",
year    = "2002",
publisher = "ACM SIGARCH Computer Architecture Newsletter",
volume = "30",
pages   = "17-18"
},

@misc{website:lkml,
author = "Peter Chubb",
title = "User mode drivers: part 1, interrupt handling (patch for 2.6.11)",
month = "March",
year = "2005",
url = "https://lwn.net/Articles/127293/"
}

